@phdthesis{Reussner201804,
author = {Reußner, Lukas},
year = {2018},
month = {04},
pages = {74},
title = {Classification of Technical Documentation},
doi = {10.13140/RG.2.2.19251.53280/2}
}

@article{FenwickHunt2019,
author = {Fenwick McKelvey and Robert Hunt},
title ={Discoverability: Toward a Definition of Content Discovery Through Platforms},
journal = {Social Media + Society},
volume = {5},
number = {1},
pages = {2056305118819188},
year = {2019},
doi = {10.1177/2056305118819188},
URL = { 
        https://doi.org/10.1177/2056305118819188},
eprint = {https://doi.org/10.1177/2056305118819188},
}

@inbook{RusselRoseTyler2013,
author = {Russell-Rose, Tony and Tate, Tyler},
year = {2013},
month = {01},
pages = {23-45},
title = {Designing the search experience : the information architecture of discovery},
isbn = {978-0-12-396981-1}
}

@article{PirolliCard1999,
author = {Pirolli, Peter and Card, Stuart},
year = {1999},
month = {10},
pages = {643-675},
title = {Information Foraging},
volume = {106},
journal = {Psychological Review},
doi = {10.1037/0033-295X.106.4.643}
}

@inproceedings{PirolliCard2005,
author = {Pirolli, Peter and Card, Stuart},
year = {2005},
month = {01},
pages = {},
title = {The sensemaking process and leverage points for analyst technology as identified through cognitive task analysis}
}

@misc{Hearst2018,
author = {Hearst, Marti},
title ={Design Recommendations for Hierarchical Faceted Search Interfaces},
note = {ACM SIGIR Workshop on Faceted Search. Accessed December 22.},
year = {2018},
annote = {http://flamenco.berkeley.edu/papers/faceted-workshop06.pdf    
}

@article{Savoleinen2017,
author = {Savolainen, Reijo},
year = {2017},
month = {06},
pages = {016555151771316},
title = {Berrypicking and information foraging: Comparison of two theoretical frameworks for studying exploratory search},
volume = {44},
journal = {Journal of Information Science},
doi = {10.1177/0165551517713168}
}

@article{BrownColvillePye2015,
author = {Brown, Andrew and Colville, Ian and Pye, Annie},
year = {2015},
month = {02},
pages = {},
title = {Making Sense of Sensemaking in Organization Studies},
volume = {36},
journal = {Organization Studies},
doi = {10.1177/0170840614559259}
}

@misc{OberleZiegler2012,
author = {Claudia Oberle and Wolfgang Ziegler},
title ={Content Intelligence für Redaktionssysteme},
note = {technische kommunikation, H. 6, S. 48-54. Accessed December 22.},
year = {2012},
annote = {https://www.i4icm.de/fileadmin/content/HSKA/02_Publikationen/ICM/CMS-Kennzahlen_mit_der_REx-Methode_Ziegler.pdf}  
}

@misc{ZieglerBeier2014,
author = {Wolfgang Ziegler and Heiko Beier},
title ={Alles muss raus},
note = {technische kommunikation, H. 6, S. 50-55. Accessed December 22. },
year = {2014},
annote = {https://www.i4icm.de/fileadmin/content/HSKA/02_Publikationen/ICM/tk614_ZieglerBeier_AllesMussRaus.pdf}  
}

@misc{Ziegler2016,
author = {Wolfgang Ziegler},
title ={European Perspectives on Technical Conununication: Drivers and Concepts ofContent Management systems in the Age ofGlobalization and Mass Customization},
note = {Official Journal of Japan Technical Communicators Assiciation JTCA},
year = {2016},
annote = {https://www.i4icm.de/fileadmin/content/HSKA/02_Publikationen/ICM/TCSymposium2016English.pdf}  
}

@article{Ziegler2020,
author = {Ziegler, Wolfgang},
year = {2020},
month = {01},
pages = {03009},
title = {Extending intelligent content delivery in technical communication by semantics: microdocuments and content services},
volume = {77},
journal = {SHS Web of Conferences},
doi = {10.1051/shsconf/20207703009}
}

@misc{Ziegler2022,
author = {Ziegler, Wolfgang},
year = {2022},
title = {New Roles and Competencies in Technical Communication Induced by Semantics and Analytics},
note = {Proceedings of the ETLTC ACM Chapter International Conference},
howpublished = \url{https://www.i4icm.de/fileadmin/user_upload/NewRoles_Ziegler_ETLTC_2022_final.pdf}
}

@misc{LiebherrFluidTopics2022,
author = {Aurélien Unfer},
title ={How Liebherr Mining Modernized its Technical Documentation with a Content Delivery Portal},
note = {Whitepaper},
year = {2022},
annote = {https://www.fluidtopics.com/wp-content/uploads/sites/3/FluidTopics_Case_Study_Liebherr_EN_2022.pdf}  
}

@misc{Antidot2020,
  author       = "Antidot",
  title        = "Dynamic delivery. What is it and why does it matter.",
  howpublished = "\url{https://www.fluidtopics.com/wp-content/uploads/sites/3/FluidTopics-WP-DynamicDelivery-202011en.pdf}",
  month        = "2020",
  year         = "11",
  note         = "Whitepaper. Accessed December 22.",
  }

@article{Stamant2022,
author = {St.Amant, Kirk},
year = {2022},
month = {02},
pages = {27-39},
title = {Context, Cognition, and the Dynamics of Design Thinking: Cognitive Methods for Understanding the Situational Variables Affecting Usable Design},
volume = {69},
journal = {Technical Communication},
doi = {10.55177/tc796562}
}

@article{Stamant2017,
  title={Of scripts and prototypes: A two-part approach to user experience design for international contexts},
  author={St Amant, Kirk},
  journal={Technical Communication},
  volume={64},
  number={2},
  pages={113--125},
  year={2017},
  publisher={Society for Technical Communication}
}

@article{Stamant2018,
author = {St.Amant, Kirk},
year = {2018},
month = {03},
pages = {45-53},
title = {Reflexes, Reactions, and Usability: Examining How Prototypes of Place Can Enhance UXD Practices},
volume = {6},
journal = {Communication Design Quarterly},
doi = {10.1145/3230970.3230976}
}

@article{LeeChoi2018,
author = {Hye-jin Lee and Katie Ka-hyun Lee and Junho Choi},
year = {2018},
month = {11},
pages = {8--13},
title = {A Structural Model for Unity of Experience: Connecting User Experience, Customer Experience, and Brand Experience},
volume = {14},
numer = {1},
journal = {Journal of Usability Studies},
url = {https://uxpajournal.org/wp-content/uploads/sites/7/pdf/JUS_Lee_Nov2018.pdf}
}

@inproceedings{SalwitzekSteuer2020,
author = {Salwitzek, Christina and Steuer, Christina},
year = {2020},
month = {05},
pages = {},
title = {Data transformations from CMS to CDP enriched by semantics}
note = {https://doi.org/10.1051/shsconf/20207703006}
}

@article{Hjorland2012,
author = {Hjørland, Birger},
year = {2012},
month = {04},
pages = {299-317},
title = {Is classification necessary after Google?},
volume = {68},
journal = {Journal of Documentation},
doi = {10.1108/00220411211225557}
}

@article{Hjorland2013-1,
author = {Hjørland, Birger},
year = {2013},
month = {03},
pages = {545–557},
title = {Facet analysis: The logical approach to knowledge organization},
volume = {49},
journal = {Information Processing & Management},
doi = {10.1016/j.ipm.2012.10.001}
}

@article{Hjorland2013-2,
author = {Hjørland, Birger},
year = {2013},
month = {01},
pages = {11-27},
title = {User-based and Cognitive Approaches to Knowledge Organization: A Theoretical Analysis of the Research Literature},
volume = {40},
journal = {Knowledge Organization},
doi = {10.5771/0943-7444-2013-1-11}
}

@article{Hunn1979,
author = {Hunn, Eugene S.},
title = {Linguistics: Cognition and Categorization. Eleanor Rosch and Barbara B. Lloyd},
journal = {American Anthropologist},
volume = {81},
number = {3},
pages = {712-713},
doi = {https://doi.org/10.1525/aa.1979.81.3.02a00710},
url = {https://anthrosource.onlinelibrary.wiley.com/doi/abs/10.1525/aa.1979.81.3.02a00710},
eprint = {https://anthrosource.onlinelibrary.wiley.com/doi/pdf/10.1525/aa.1979.81.3.02a00710},
year = {1979}
}

@article{GaboraRoschAerts2008,
author = { Liane   Gabora  and  Eleanor   Rosch  and  Diederik   Aerts },
title = {Toward an Ecological Theory of Concepts},
journal = {Ecological Psychology},
volume = {20},
number = {1},
pages = {84-116},
year  = {2008},
publisher = {Routledge},
doi = {10.1080/10407410701766676},
URL = {https://doi.org/10.1080/10407410701766676},
eprint = {https://doi.org/10.1080/10407410701766676}
}
